<?xml version="1.0" encoding="UTF-8"?><collection xmlns="http://www.loc.gov/MARC21/slim"><record><leader>00611nam--2200193-i-4500</leader><controlfield tag="001">000027368</controlfield><controlfield tag="002">20161230</controlfield><controlfield tag="005">20170127125200</controlfield><controlfield tag="008">060222s1000------------r-----000-0-rum-d</controlfield><datafield ind1=" " ind2=" " tag="040"><subfield code="a">IFIN-HH</subfield></datafield><datafield ind1=" " ind2=" " tag="041"><subfield code="a">rum</subfield></datafield><datafield ind1=" " ind2=" " tag="080"><subfield code="a">539.18</subfield></datafield><datafield ind1="1" ind2=" " tag="100"><subfield code="a">Koriakin, I. I</subfield></datafield><datafield ind1="1" ind2="0" tag="245"><subfield code="a">Biografia atomului</subfield><subfield code="b">Povestiri despre descoperirea si folosirea energiei atomice. In romaneste de Al. Plaesu si Ioana Macarovici</subfield><subfield code="c">I.I. Koriakin</subfield></datafield><datafield ind1=" " ind2=" " tag="260"><subfield code="a">Bucuresti</subfield><subfield code="b">Editura Stiintifica</subfield><subfield code="c">1963</subfield></datafield><datafield ind1=" " ind2=" " tag="300"><subfield code="a">261 p</subfield></datafield><datafield ind1=" " ind2=" " tag="500"><subfield code="a">Titlul Original In Limba Rusa: Biografia Atoma</subfield></datafield><datafield ind1=" " ind2=" " tag="852"><subfield code="a">9081</subfield><subfield code="c">539.18</subfield></datafield><datafield ind1=" " ind2=" " tag="CAT"><subfield code="a">SYS</subfield><subfield code="c">20170127</subfield><subfield code="h">125200</subfield></datafield></record></collection>